% Encoding: UTF-8
@article{abate1995numerical,
  title={Numerical inversion of {L}aplace transforms of probability distributions},
  author={Abate, Joseph and Whitt, Ward},
  journal={ORSA Journal on computing},
  volume={7},
  number={1},
  pages={36--43},
  year={1995},
  publisher={INFORMS}
}

@article{adler2017relative,
  title={On relative stability and weighted laws of large numbers},
  author={Adler, Andr{\'e} and Pakes, Anthony G},
  journal={Extremes},
  volume={20},
  number={1},
  pages={1--31},
  year={2017},
  publisher={Springer}
}

@Article{asmussen2017conditional,
  author    = {Asmussen, S{\o}ren},
  title     = {Conditional Monte Carlo for sums, with applications to insurance and finance},
  journal   = {Annals of Actuarial Science},
  year      = {2017},
  note      = {Submitted, available from {\tt thiele.au.dk/publications}},
  publisher = {Cambridge University Press},
}

@article{balkema1993densities,
  title={Densities with Gaussian tails},
  author={Balkema, August A and Kl{\"u}ppelberg, Claudia and Resnick, Sidney I},
  journal={Proceedings of the London Mathematical Society},
  volume={3},
  number={3},
  pages={568--588},
  year={1993},
  publisher={Wiley Online Library}
}

@article{balkema2003domains,
  title={Domains of attraction for exponential families},
  author={Balkema, August A and Kl{\"u}ppelberg, Claudia and Resnick, Sidney I},
  journal={Stochastic processes and their applications},
  volume={107},
  number={1},
  pages={83--103},
  year={2003},
  publisher={Elsevier}
}

@article{choudhury1997probabilistic,
  title={Probabilistic scaling for the numerical inversion of nonprobability transforms},
  author={Choudhury, Gagan L and Whitt, Ward},
  journal={INFORMS Journal on Computing},
  volume={9},
  number={2},
  pages={175--184},
  year={1997},
  publisher={INFORMS}
}

@article{gaver1966observing,
  title={Observing stochastic processes, and approximate transform inversion},
  author={Gaver Jr, Donald P},
  journal={Operations Research},
  volume={14},
  number={3},
  pages={444--459},
  year={1966},
  publisher={INFORMS}
}

@book{grassmann1999computational,
  title={Computational probability},
  author={Grassmann, Winfried K},
  volume={24},
  year={1999},
  publisher={Springer Science \& Business Media}
}

@book{joe1997multivariate,
  title={Multivariate models and multivariate dependence concepts},
  author={Joe, Harry},
  year={1997},
  publisher={CRC Press}
}

@book{kluppelberg2014risk,
  title={Risk: A Multidisciplinary Introduction},
  author={Kl{\"u}ppelberg, Claudia and Straub, Daniel and Welpe, Isabell M},
  year={2014},
  publisher={Springer}
}

@article{valsa1998approximate,
  title={Approximate formulae for numerical inversion of Laplace transforms},
  author={Valsa, Juraj and Bran{\v{c}}ik, Lubom{\'\i}r},
  journal={International Journal of Numerical Modelling: Electronic Networks, Devices and Fields},
  volume={11},
  number={3},
  pages={153--166},
  year={1998},
  publisher={Wiley Online Library}
}

@article{abate2006unified,
  title={A unified framework for numerically inverting {L}aplace transforms},
  author={Abate, Joseph and Whitt, Ward},
  journal={INFORMS Journal on Computing},
  volume={18},
  number={4},
  pages={408--421},
  year={2006},
  publisher={INFORMS}
}

@article{abu1994outage,
  title={Outage probabilities in the presence of correlated lognormal interferers},
  author={Abu-Dayya, Adnan A and Beaulieu, Norman C},
  journal={IEEE Transactions on Vehicular Technology},
  volume={43},
  number={1},
  pages={164--173},
  year={1994},
  publisher={IEEE}
}

@book{aitchison1957lognormal,
  title={The Lognormal Distribution with Special Reference to its Uses in Economics},
  author={Aitchison, John and Brown, James AC},
  year={1957},
  publisher={Cambridge University Press}
}

@article{asmussen2008asymptotics,
  title={Asymptotics of sums of lognormal random variables with {G}aussian copula},
  author={Asmussen, S{\o}ren and Rojas-Nandayapa, Leonardo},
  journal={Statistics \& Probability Letters},
  volume={78},
  number={16},
  pages={2709--2714},
  year={2008},
  publisher={Elsevier}
}

@article{asmussen2015exponential,
  title={Exponential family techniques in the lognormal left tail},
  author={Asmussen, S{\o}ren and Jensen, Jens Ledet and Rojas-Nandayapa, Leonardo},
  year={2015},
  journal={Scandinavian Journal of Statistics},
  note={Pending revision}
}

@book{asmussen2007stochastic,
  title={Stochastic {S}imulation: {A}lgorithms and {A}nalysis},
  author={Asmussen, S{\o}ren and Glynn, Peter W},
  volume={57},
  series={Stochastic Modelling and Applied Probability series},
  year={2007},
  publisher={Springer}
}

@article{beaulieu1995estimating,
  title={Estimating the distribution of a sum of independent lognormal random variables},
  author={Beaulieu, Norman C and Abu-Dayya, Adnan A and McLane, Peter J},
  journal={IEEE Transactions on Communications},
  volume={43},
  number={12},
  pages={2869--2873},
  year={1995},
  publisher={IEEE}
}

@article{beaulieu2004highly,
  title={Highly accurate simple closed-form approximations to lognormal sum distributions and densities},
  author={Beaulieu, Norman C and Rajwani, Faruq},
  journal={IEEE Communications Letters},
  volume={8},
  number={12},
  pages={709--711},
  year={2004},
  publisher={IEEE}
}

@article{beaulieu2004optimal,
  title={An optimal lognormal approximation to lognormal sum distributions},
  author={Beaulieu, Norman C and Xie, Qiong},
  journal={IEEE Transactions on Vehicular Technology},
  volume={53},
  number={2},
  pages={479--489},
  year={2004},
  publisher={IEEE}
}

@article{corless1996lambertw,
  title={On the {L}ambert {W} function},
  author={Corless, Robert M and Gonnet, Gaston H and Hare, David EG and Jeffrey, David J and Knuth, Donald E},
  journal={Advances in Computational Mathematics},
  volume={5},
  number={1},
  pages={329--359},
  year={1996},
  publisher={Springer}
}

@book{crow1988lognormal,
  title={Lognormal Distributions: Theory and Applications},
  author={Crow, Edwin L and Shimizu, Kunio},
  year={1988},
  publisher={Dekker New York}
}

@inbook{duellmann2010regulatory,
  title={Regulatory Capital},
  year={2010},
  author={Duellmann, Klaus},
  volume={IV},
  pages={1525--1538},
  booktitle={Encyclopedia of Quantitative Finance},
  publisher={Wiley},
  notes={DOI 10.1002/9780470061602.eqf15012}
}

@article{dufresne2004log,
  title={The log-normal approximation in financial and other computations},
  author={Dufresne, Daniel},
  journal={Advances in Applied Probability},
  volume={36},
  number={3},
  pages={747--773},
  year={2004},
  publisher={Applied Probability Trust}
}

@techreport{dufresne2009sums,
  title={Sums of lognormals},
  author={Dufresne, Daniel},
  institution={Centre for Actuarial Sciences, University of Melbourne},
  year={2009}
}

@article{embrechts2014academic,
  title={An academic response to {B}asel 3.5},
  author={Embrechts, Paul and Puccetti, Giovanni and R{\"u}schendorf, Ludger and Wang, Ruodu and Beleraj, Antonela},
  journal={Risks},
  volume={2},
  number={1},
  pages={25--48},
  year={2014},
  publisher={Multidisciplinary Digital Publishing Institute}
}

@article{fenton1960sum,
  title={The sum of log-normal probability distributions in scatter transmission systems},
  author={Fenton, Lawrence},
  journal={IRE Transactions on Communications Systems},
  volume={8},
  number={1},
  pages={57--67},
  year={1960},
  publisher={IEEE}
}

@article{gao2009asymptotic,
  title={Asymptotic behavior of tail density for sum of correlated lognormal variables},
  author={Gao, Xin and Xu, Hong and Ye, Dong},
  journal={International Journal of Mathematics and Mathematical Sciences},
  year={2009},
  note={Volume 2009, Article ID 630857, 28 pages},
  publisher={Hindawi Publishing Corporation}
}

@book{glasserman2003monte,
  title={Monte Carlo Methods in Financial Engineering},
  author={Glasserman, Paul},
  volume={53},
  year={2003},
  publisher={Springer},
  series={Stochastic Modelling and Applied Probability series}
}

@book{johnson1994continuous,
  title={Continuous Univariate Distributions},
  author={Johnson, Norman L and Kotz, Samuel and Balakrishnan, Narayanaswamy},
  year={1994},
  volume={1},
  edition={2},
  publisher={New York: Wiley}
}

@article{limpert2001log,
  title={Log-normal Distributions across the Sciences: Keys and Clues},
  author={Limpert, Eckhard and Stahel, Werner A and Abbt, Markus},
  journal={BioScience},
  volume={51},
  number={5},
  pages={341--352},
  year={2001},
  publisher={Oxford University Press}
}

@article{mallet1985numerical,
  title={Numerical inversion of {L}aplace transform},
  year={2000},
  author={Mallet, Arnaud},
  note={Mathematica package, accessed online on 26th August 2015 at \url{http://library. wolfram. com/infocenter/MathSource/2691}}
}

@book{mcneil2015quantitative,
  title={Quantitative Risk Management: Concepts, Techniques and Tools},
  author={McNeil, Alexander J and Frey, R{\"u}diger and Embrechts, Paul},
  year={2015},
  publisher={Princeton University Press},
  edition={2nd}
}

@article{milevsky1998asian,
  title={Asian Options, the Sum of Lognormals, and the Reciprocal Gamma Distribution},
  author={Milevsky, Moshe Arye and Posner, Steven E},
  journal={Journal of Financial and Quantitative Analysis},
  volume={33},
  number={03},
  pages={409--422},
  year={1998},
  publisher={Cambridge Univ Press}
}

@article{markowitz1952portfolio,
  title={Portfolio selection},
  author={Markowitz, Harry},
  journal={The {J}ournal of {F}inance},
  volume={7},
  number={1},
  pages={77--91},
  year={1952},
  publisher={Wiley Online Library}
}

@inproceedings{senaratne2009numerical,
  title={Numerical computation of the lognormal sum distribution},
  author={Senaratne, Damith and Tellambura, Chintha},
  booktitle={Global Telecommunications Conference, 2009. GLOBECOM 2009. IEEE},
  pages={1--6},
  year={2009},
  doi={10.1109/GLOCOM.2009.5425708}
}

@article{schleher1977generalized,
  title={Generalized {G}ram-{C}harlier series with application to the sum of log-normal variates (corresp.)},
  author={Schleher, DC},
  journal={IEEE Transactions on Information Theory},
  volume={23},
  number={2},
  pages={275--280},
  year={1977},
  publisher={IEEE}
}

@article{schwartz1982distribution,
  title={On the Distribution Function and Moments of Power Sums With Log-Normal Components},
  author={Schwartz, Stuart C and Yeh, Yu-Shuan},
  journal={Bell System Technical Journal},
  volume={61},
  number={7},
  pages={1441--1462},
  year={1982},
  publisher={Wiley Online Library}
}

@article{tankov2015tail,
  title={Tail behavior of sums and differences of log-normal random variables},
  author={Gulisashvili, Archil and Tankov, Peter},
  journal={Bernoulli},
  note={To appear, accessed online on 26th August 2015 at \url{http://www.e-publications.org/ims/submission/BEJ/user/submissionFile/17119?confirm=ef609013}},
  year={2015}
}

@article{yang2015fast,
  title={Fast and optimal nonparametric sequential design for astronomical observations},
  author={Yang, Justin J and Wang, Xufei and Protopapas, Pavlos and Bornn, Luke},
  note={Accessed online on 2nd July 2015 at \url{http://arxiv.org/abs/1501.02467}},
  year={2015}
}

@Article{adler2012efficient,
  author    = {Adler, Robert J and Blanchet, Jose H and Liu, Jingchen and others},
  title     = {Efficient Monte Carlo for high excursions of {G}aussian random fields},
  journal   = {The Annals of Applied Probability},
  year      = {2012},
  volume    = {22},
  number    = {3},
  pages     = {1167--1214},
  publisher = {Institute of Mathematical Statistics},
}

@Article{albrecher2006tail,
  author    = {Albrecher, Hansj{\"o}rg and Asmussen, S{\o}ren and Kortschak, Dominik},
  title     = {Tail asymptotics for the sum of two heavy-tailed dependent risks},
  journal   = {Extremes},
  year      = {2006},
  volume    = {9},
  number    = {2},
  pages     = {107--130},
  publisher = {Springer},
}

@Article{alink2004diversification,
  author    = {Alink, Stan and L{\"o}we, Matthias and W{\"u}thrich, Mario V},
  title     = {Diversification of aggregate dependent risks},
  journal   = {Insurance: Mathematics and Economics},
  year      = {2004},
  volume    = {35},
  number    = {1},
  pages     = {77--95},
  publisher = {Elsevier},
}

@Article{alink2005analysis,
  author    = {Alink, Stan and L{\"o}we, Matthias and W{\"u}thrich, Mario V},
  title     = {Analysis of the expected shortfall of aggregate dependent risks},
  journal   = {Astin Bulletin},
  year      = {2005},
  volume    = {35},
  number    = {01},
  pages     = {25--43},
  publisher = {Cambridge Univ Press},
}

@Article{alink2007diversification,
  author    = {Alink, Stan and L{\"o}we, Matthias and W{\"u}thrich, Mario V},
  title     = {Diversification for general copula dependence},
  journal   = {Statistica Neerlandica},
  year      = {2007},
  volume    = {61},
  number    = {4},
  pages     = {446--465},
  publisher = {Wiley Online Library},
}

@Article{anderson2016rare,
  author = {Andersen, Lars N{\o}rvang and Laub, Patrick J. and Rojas-Nandayapa, Leonardo},
  title  = {Rare-event simulation for extrema of dependent random variables},
  year   = {2016},
  note   = {Work in progress},
}

@Article{asmussen2000rare,
  author    = {Asmussen, S{\o}ren and Binswanger, Klemens and H{\o}jgaard, Bjarne and others},
  title     = {Rare events simulation for heavy-tailed distributions},
  journal   = {Bernoulli},
  year      = {2000},
  volume    = {6},
  number    = {2},
  pages     = {303--322},
  publisher = {Bernoulli Society for Mathematical Statistics and Probability},
}

@Article{asmussen2006improved,
  author    = {Asmussen, S{\o}ren and Kroese, Dirk P},
  title     = {Improved algorithms for rare event simulation with heavy tails},
  journal   = {Advances in Applied Probability},
  year      = {2006},
  volume    = {38},
  number    = {2},
  pages     = {545--558},
  publisher = {Applied Probability Trust},
}

@Article{asmussen2011efficient,
  author    = {Asmussen, S{\o}ren and Blanchet, Jos{\'e} and Juneja, Sandeep and Rojas-Nandayapa, Leonardo},
  title     = {Efficient simulation of tail probabilities of sums of correlated lognormals},
  journal   = {Annals of Operations Research},
  year      = {2011},
  volume    = {189},
  number    = {1},
  pages     = {5--23},
  publisher = {Springer},
}

@Article{asmussen2015error,
  author    = {Asmussen, S{\o}ren and Kortschak, Dominik},
  title     = {Error rates and improved algorithms for rare event simulation with heavy {W}eibull tails},
  journal   = {Methodology and Computing in Applied Probability},
  year      = {2015},
  volume    = {17},
  number    = {2},
  pages     = {441--461},
  publisher = {Springer},
}

@Article{asmussen2016orthonormal,
  author = {S{\o}ren Asmussen and Pierre-Olivier Goffard and Patrick J.\ Laub},
  title  = {Orthonormal polynomial expansions and lognormal sum densities},
  year   = {2016},
}

@Article{barbe2006tail,
  author    = {Barbe, Philippe and Fougeres, Anne-Laure and Genest, Christian},
  title     = {On the tail behavior of sums of dependent risks},
  journal   = {Astin Bulletin},
  year      = {2006},
  volume    = {36},
  number    = {02},
  pages     = {361--373},
  publisher = {Cambridge Univ Press},
}

@Article{bee2009importance,
  author    = {Bee, Marco},
  title     = {Importance sampling for sums of lognormal distributions with applications to operational risk},
  journal   = {Communications in Statistics-Simulation and Computation},
  year      = {2009},
  volume    = {38},
  number    = {5},
  pages     = {939--960},
  publisher = {Taylor \& Francis},
}

@Article{bellucci2014explicit,
  author  = {Bellucci, Michael A},
  title   = {On the explicit representation of orthonormal Bernstein polynomials},
  journal = {arXiv preprint arXiv:1404.2293},
  year    = {2014},
}

@Article{botev2013markov,
  author    = {Botev, Zdravko I and L’Ecuyer, Pierre and Tuffin, Bruno},
  title     = {Markov chain importance sampling with applications to rare event probability estimation},
  journal   = {Statistics and Computing},
  year      = {2013},
  volume    = {23},
  number    = {2},
  pages     = {271--285},
  publisher = {Springer},
}

@Article{bouezmarni2013bernstein,
  author  = {Bouezmarni, Taoufik and Ghouch, El and Taamouti, Abderrahim},
  title   = {Bernstein estimator for unbounded copula densities},
  journal = {Statistics \& Risk Modeling},
  year    = {2013},
  volume  = {30},
  number  = {4},
  pages   = {343--360},
}

@Article{chan2011rare,
  author    = {Chan, Joshua CC and Kroese, Dirk P},
  title     = {Rare-event probability estimation with conditional {M}onte {C}arlo},
  journal   = {Annals of Operations Research},
  year      = {2011},
  volume    = {189},
  number    = {1},
  pages     = {43--61},
  publisher = {Springer},
}

@Article{chan2012improved,
  author    = {Chan, Joshua CC and Kroese, Dirk P},
  title     = {Improved cross-entropy method for estimation},
  journal   = {Statistics and computing},
  year      = {2012},
  volume    = {22},
  number    = {5},
  pages     = {1031--1040},
  publisher = {Springer},
}

@Article{charpentier2009tails,
  author    = {Charpentier, Arthur and Segers, Johan},
  title     = {Tails of multivariate {A}rchimedean copulas},
  journal   = {Journal of Multivariate Analysis},
  year      = {2009},
  volume    = {100},
  number    = {7},
  pages     = {1521--1537},
  publisher = {Elsevier},
}

@Article{chen2012extreme,
  author    = {Chen, Die and Mao, Tiantian and Pan, Xiaoqing and Hu, Taizhong},
  title     = {Extreme value behavior of aggregate dependent risks},
  journal   = {Insurance: Mathematics and Economics},
  year      = {2012},
  volume    = {50},
  number    = {1},
  pages     = {99--108},
  publisher = {Elsevier},
}

@Article{chen2013asymptotic,
  author    = {Chen, Die and Mao, Tiantian and Hu, Taizhong},
  title     = {Asymptotic behavior of extremal events for aggregate dependent random variables},
  journal   = {Probability in the Engineering and Informational Sciences},
  year      = {2013},
  volume    = {27},
  number    = {04},
  pages     = {507--531},
  publisher = {Cambridge Univ Press},
}

@Article{embrechts2009additivity,
  author    = {Embrechts, Paul and Ne{\v{s}}lehov{\'a}, Johanna and W{\"u}thrich, Mario V},
  title     = {Additivity properties for Value-at-Risk under {A}rchimedean dependence and heavy-tailedness},
  journal   = {Insurance: Mathematics and Economics},
  year      = {2009},
  volume    = {44},
  number    = {2},
  pages     = {164--169},
  publisher = {Elsevier},
}

@Article{foss2010sums,
  author    = {Foss, Serguei and Richards, Andrew},
  title     = {On sums of conditionally independent subexponential random variables},
  journal   = {Mathematics of Operations Research},
  year      = {2010},
  volume    = {35},
  number    = {1},
  pages     = {102--119},
  publisher = {INFORMS},
}

@Article{geenens2014probit,
  author  = {Geenens, Gery and Charpentier, Arthur and Paindaveine, Davy},
  title   = {Probit transformation for nonparametric kernel estimation of the copula density},
  journal = {arXiv preprint arXiv:1404.4414},
  year    = {2014},
}

@Article{geluk2009asymptotic,
  author    = {Geluk, Jaap and Tang, Qihe},
  title     = {Asymptotic tail probabilities of sums of dependent subexponential random variables},
  journal   = {Journal of Theoretical Probability},
  year      = {2009},
  volume    = {22},
  number    = {4},
  pages     = {871--882},
  publisher = {Springer},
}

@Article{hartinger2009efficiency,
  author    = {Hartinger, J{\"u}rgen and Kortschak, Dominik},
  title     = {On the efficiency of the {A}smussen--{K}roese-estimator and its application to stop-loss transforms},
  journal   = {Bl{\"a}tter der DGVFM},
  year      = {2009},
  volume    = {30},
  number    = {2},
  pages     = {363--377},
  publisher = {Springer},
}

@Article{hashorva2015tail,
  author    = {Hashorva, Enkelejd and Li, Jinzhu},
  title     = {Tail Behavior of Weighted Sums of Order Statistics of Dependent Risks},
  journal   = {Stochastic Models},
  year      = {2015},
  volume    = {31},
  number    = {1},
  pages     = {1--19},
  publisher = {Taylor \& Francis},
}

@Article{kortschak2009asymptotic,
  author    = {Kortschak, Dominik and Albrecher, Hansj{\"o}rg},
  title     = {Asymptotic results for the sum of dependent non-identically distributed random variables},
  journal   = {Methodology and Computing in Applied Probability},
  year      = {2009},
  volume    = {11},
  number    = {3},
  pages     = {279--306},
  publisher = {Springer},
}

@Book{kroese2013handbook,
  title     = {Handbook of Monte Carlo Methods},
  publisher = {John Wiley \& Sons},
  year      = {2013},
  author    = {Kroese, Dirk P and Taimre, Thomas and Botev, Zdravko I},
  volume    = {706},
}

@Article{leblanc2010bias,
  author    = {Leblanc, Alexandre},
  title     = {A bias-reduced approach to density estimation using {B}ernstein polynomials},
  journal   = {Journal of Nonparametric Statistics},
  year      = {2010},
  volume    = {22},
  number    = {4},
  pages     = {459--475},
  publisher = {Taylor \& Francis},
}

@Article{leng2014tail,
  author    = {Leng, Xuan and Hu, Taizhong},
  title     = {The tail behavior of randomly weighted sums of dependent random variables},
  journal   = {STATISTICS AND ITS INTERFACE},
  year      = {2014},
  volume    = {7},
  number    = {3},
  pages     = {331--338},
  publisher = {INT PRESS BOSTON, INC PO BOX 43502, SOMERVILLE, MA 02143 USA},
}

@Article{mitra2008aggregation,
  author  = {Mitra, Abhimanyu and Resnick, Sidney I},
  title   = {Aggregation of risks and asymptotic independence},
  journal = {arXiv preprint arXiv:0807.4200},
  year    = {2008},
}

@PhdThesis{nandayapa2008risk,
  author = {Nandayapa, Leonardo Rojas},
  title  = {Risk probabilities: asymptotics and simulation},
  school = {University of Aarhus, Department of Mathematical Sciences},
  year   = {2008},
}

@Article{ruschendorf2013mathematical,
  author    = {R{\"u}schendorf, Ludger},
  title     = {Mathematical risk analysis},
  journal   = {Springer Ser. Oper. Res. Financ. Eng. Springer, Heidelberg},
  year      = {2013},
  publisher = {Springer},
}

@Article{vitale1975bernstein,
  author    = {Vitale, Richard A},
  title     = {A Bernstein polynomial approach to density function estimation},
  journal   = {Statistical inference and related topics},
  year      = {1975},
  volume    = {2},
  pages     = {87--99},
  publisher = {Academic Press New York},
}

@Article{walker2015laplace,
  author    = {Walker, Stephen G},
  title     = {A Laplace transform inversion method for probability distribution functions},
  journal   = {Statistics and Computing},
  year      = {2015},
  pages     = {1--10},
  publisher = {Springer},
}

@Article{wuthrich2003asymptotic,
  author    = {W{\"u}thrich, Mario V},
  title     = {Asymptotic value-at-risk estimates for sums of dependent random variables},
  journal   = {Astin Bulletin},
  year      = {2003},
  volume    = {33},
  number    = {01},
  pages     = {75--92},
  publisher = {Cambridge Univ Press},
}

@Article{asmussen2014laplace,
  author    = {Asmussen, S{\o}ren and Jensen, Jens Ledet and Rojas-Nandayapa, Leonardo},
  title     = {On the {L}aplace transform of the {L}ognormal distribution},
  journal   = {Methodology and Computing in Applied Probability},
  year      = {2014},
  volume    = {16},
  pages     = {1--18},
  issn      = {1387-5841},
  doi       = {10.1007/s11009-014-9430-7},
  publisher = {Springer},
}

@Article{avdis2007power,
  author    = {Avdis, Efstathios and Whitt, Ward},
  title     = {Power algorithms for inverting {L}aplace transforms},
  journal   = {INFORMS Journal on Computing},
  year      = {2007},
  volume    = {19},
  number    = {3},
  pages     = {341--355},
  publisher = {INFORMS},
}

@Article{stehfest1970algorithm,
  author    = {Stehfest, Harald},
  title     = {Algorithm 368: Numerical inversion of {L}aplace transforms [D5]},
  journal   = {Communications of the ACM},
  year      = {1970},
  volume    = {13},
  number    = {1},
  pages     = {47--49},
  publisher = {ACM},
}

@Book{asmussen2010ruin,
  title     = {Ruin Probabilities},
  publisher = {World Scientific},
  year      = {2010},
  author    = {Asmussen, S{\o}ren and Albrecher, Hansj{\"o}rg},
  edition   = {2},
  note      = {Advanced series on statistical science \& applied probability; v. 14},
}

@Comment{jabref-meta: databaseType:bibtex;}
